<?xml version="1.0" encoding="UTF-8"?><collection xmlns="http://www.loc.gov/MARC21/slim"><record><leader>00400nam--2200157-i-4500</leader><controlfield tag="001">000014601</controlfield><controlfield tag="002">20161230</controlfield><controlfield tag="005">20170302232401</controlfield><controlfield tag="008">060222s1000------------r-----000-0-eng-d</controlfield><datafield ind1=" " ind2=" " tag="100"><subfield code="a">Demian, Traian</subfield></datafield><datafield ind1=" " ind2=" " tag="245"><subfield code="a">Micromotoare pneumatice liniare si rotative</subfield></datafield><datafield ind1=" " ind2=" " tag="260"><subfield code="a">Bucuresti</subfield><subfield code="b">Ed.Tehnica</subfield><subfield code="c">1984</subfield></datafield><datafield ind1=" " ind2=" " tag="300"><subfield code="a">247 p</subfield></datafield><datafield ind1=" " ind2=" " tag="700"><subfield code="a">Banu, Valeriu</subfield></datafield><datafield ind1=" " ind2=" " tag="852"><subfield code="a">621.51/54</subfield></datafield><datafield ind1=" " ind2=" " tag="CAT"><subfield code="a">SYS</subfield><subfield code="c">20170302</subfield><subfield code="h">232401</subfield></datafield></record></collection>